% Encoding: UTF-8

@article{MASerrano2009,
	author = "Serrano, M {\'A}ngeles and Bogun{\'a}, Mari{\'a}n and Vespignani, Alessandro",
	journal = "Proceedings of the national academy of sciences",
	number = "16",
	pages = "6483--6488",
	publisher = "National Acad Sciences",
	title = "{Extracting the multiscale backbone of complex weighted networks}",
	volume = "106",
	year = "2009"
}

@article{allard2017,
  title={The geometric nature of weights in real complex networks},
  author={Allard, Antoine and Serrano, M {\'A}ngeles and Garc{\'\i}a-P{\'e}rez, Guillermo and Bogu{\~n}{\'a}, Mari{\'a}n},
  journal={Nature communications},
  volume={8},
  year={2017},
  publisher={Nature Publishing Group}
}

@Article{Perou2000,
  Title                    = {Molecular portraits of human breast tumours},
  Author                   = {Perou, Charles M and S{\o}rlie, Therese and Eisen, Michael B and van de Rijn, Matt and Jeffrey, Stefanie S and Rees, Christian A and Pollack, Jonathan R and Ross, Douglas T and Johnsen, Hilde and Akslen, Lars A and others},
  Journal                  = {Nature},
  Year                     = {2000},
  Number                   = {6797},
  Pages                    = {747--752},
  Volume                   = {406},

  Publisher                = {Nature Publishing Group}
}

@Article{Parker2009,
  Title                    = {Supervised risk predictor of breast cancer based on intrinsic subtypes},
  Author                   = {Parker, Joel S and Mullins, Michael and Cheang, Maggie CU and Leung, Samuel and Voduc, David and Vickery, Tammi and Davies, Sherri and Fauron, Christiane and He, Xiaping and Hu, Zhiyuan and others},
  Journal                  = {Journal of clinical oncology},
  Year                     = {2009},
  Number                   = {8},
  Pages                    = {1160--1167},
  Volume                   = {27},

  Publisher                = {American Society of Clinical Oncology}
}

@Article{Margolin2006,
  Title                    = {ARACNE: an algorithm for the reconstruction of gene regulatory networks in a mammalian cellular context},
  Author                   = {Margolin, Adam A and Nemenman, Ilya and Basso, Katia and Wiggins, Chris and Stolovitzky, Gustavo and Favera, Riccardo D and Califano, Andrea},
  Journal                  = {BMC bioinformatics},
  Year                     = {2006},
  Number                   = {Suppl 1},
  Pages                    = {S7},
  Volume                   = {7},

  Owner                    = {x},
  Publisher                = {BioMed Central Ltd},
  Timestamp                = {2016.04.27}
}


@Article{AndaJauregui2015,
  Title                    = {Crosstalk events in the estrogen signaling pathway may affect tamoxifen efficacy in breast cancer molecular subtypes},
  Author                   = {de Anda-J{\'a}uregui, Guillermo and Mej{\'\i}a-Pedroza, Ra{\'u}l A and Espinal-Enr{\'\i}quez, Jes{\'u}s and Hern{\'a}ndez-Lemus, Enrique},
  Journal                  = {Computational biology and chemistry},
  Year                     = {2015},
  Pages                    = {42--54},
  Volume                   = {59},

  Publisher                = {Elsevier}
}

@Article{AndaJauregui2016,
  author    = {de Anda-J{\'a}uregui, Guillermo and Vel{\'a}zquez-Caldelas, Tadeo E and Espinal-Enr{\'\i}quez, Jes{\'u}s and Hern{\'a}ndez-Lemus, Enrique},
  title     = {Transcriptional Network Architecture of Breast Cancer Molecular Subtypes},
  journal   = {Frontiers in Physiology},
  year      = {2016},
  volume    = {7},
  publisher = {Frontiers Media SA},
}

@Article{Alcala2016,
  author    = {Alcal{\'a}-Corona, Sergio A and Vel{\'a}zquez-Caldelas, Tadeo E and Espinal-Enr{\'\i}quez, Jes{\'u}s and Hern{\'a}ndez-Lemus, Enrique},
  title     = {Community Structure Reveals Biologically Functional Modules in MEF2C Transcriptional Regulatory Network},
  journal   = {Frontiers in physiology},
  year      = {2016},
  volume    = {7},
  publisher = {Frontiers Media SA},
}

@Article{Rosvall2008,
  author    = {Rosvall, Martin and Bergstrom, Carl T},
  title     = {Maps of random walks on complex networks reveal community structure},
  journal   = {Proceedings of the National Academy of Sciences},
  year      = {2008},
  volume    = {105},
  number    = {4},
  pages     = {1118--1123},
  owner     = {x},
  publisher = {National Acad Sciences},
  timestamp = {2016.04.28},
}


@Article{Lancichinetti2008,
  author    = {Lancichinetti, Andrea and Fortunato, Santo and Radicchi, Filippo},
  title     = {Benchmark graphs for testing community detection algorithms},
  journal   = {Physical review E},
  year      = {2008},
  volume    = {78},
  number    = {4},
  pages     = {046110},
  publisher = {APS},
}


@article{lancichinetti2009,
  title={Community detection algorithms: a comparative analysis},
  author={Lancichinetti, Andrea and Fortunato, Santo},
  journal={Physical review E},
  volume={80},
  number={5},
  pages={056117},
  year={2009},
  publisher={APS}
}



@article{GSEA2005,
  title={Gene set enrichment analysis: a knowledge-based approach for interpreting genome-wide expression profiles},
  author={Subramanian, Aravind and Tamayo, Pablo and Mootha, Vamsi K and Mukherjee, Sayan and Ebert, Benjamin L and Gillette, Michael A and Paulovich, Amanda and Pomeroy, Scott L and Golub, Todd R and Lander, Eric S and others},
  journal={Proceedings of the National Academy of Sciences},
  volume={102},
  number={43},
  pages={15545--15550},
  year={2005},
  publisher={National Acad Sciences}
}

@article{CristobalFresno2012,
  title={The multi-reference contrast method: facilitating set enrichment analysis},
  author={Fresno, Crist{\'o}bal and Llera, Andrea S and Girotti, Mar{\'\i}a R and Valacco, Mar{\'\i}a P and L{\'o}pez, Juan A and Podhajcer, Osvaldo L and Balzarini, M{\'o}nica G and Prada, Federico and Fern{\'a}ndez, Elmer A},
  journal={Computers in biology and medicine},
  volume={42},
  number={2},
  pages={188--194},
  year={2012},
  publisher={Elsevier}
}


@Article{NewmanGirvan2004,
  author =    {Newman, Mark EJ and Girvan, Michelle},
  title =     {Finding and evaluating community structure in networks},
  journal =   {Physical review E},
  year =      {2004},
  volume =    {69},
  number =    {2},
  pages =     {026113},
  publisher = {APS}
}

%%%%%%%%%%%%%%%%%%%%%%%%%%%%%%%%%%%%%%%%%%%%%%%%%%

% 
@article{DonettiMunoz2004,
	author = "Donetti, Luca and Mu{\~n}oz, Miguel A",
	journal = "Journal of Statistical Mechanics: Theory and Experiment",
	number = "10",
	pages = "P10012",
	publisher = "IOP Publishing",
	title = "{Detecting network communities: a new systematic and efficient algorithm}",
	volume = "2004",
	year = "2004"
}

@article{Lancichinetti2011,
	author = "Lancichinetti, Andrea and Radicchi, Filippo and Ramasco, Jos{\'e} J and Fortunato, Santo",
	journal = "PloS one",
	number = "4",
	pages = "e18961",
	publisher = "Public Library of Science",
	title = "{Finding statistically significant communities in networks}",
	volume = "6",
	year = "2011"
}

@article{Blondel2008,
  title={Fast unfolding of communities in large networks},
  author={Blondel, Vincent D and Guillaume, Jean-Loup and Lambiotte, Renaud and Lefebvre, Etienne},
  journal={Journal of statistical mechanics: theory and experiment},
  volume={2008},
  number={10},
  pages={P10008},
  year={2008},
  publisher={IOP Publishing}
}

@article{ronhovde2010,
  title={Local resolution-limit-free Potts model for community detection},
  author={Ronhovde, Peter and Nussinov, Zohar},
  journal={Physical Review E},
  volume={81},
  number={4},
  pages={046114},
  year={2010},
  publisher={APS}
}

@article{raghavan2007,
  title={Near linear time algorithm to detect community structures in large-scale networks},
  author={Raghavan, Usha Nandini and Albert, R{\'e}ka and Kumara, Soundar},
  journal={Physical review E},
  volume={76},
  number={3},
  pages={036106},
  year={2007},
  publisher={APS}
}

%%%%%%%%%%%%%%%%%%%%%%%%%%%%%%%%%%%%%


@Article{Lancichinetti2011a,
  author    = {Lancichinetti, Andrea and Fortunato, Santo},
  title     = {Limits of modularity maximization in community detection},
  journal   = {Physical review E},
  year      = {2011},
  volume    = {84},
  number    = {6},
  pages     = {066122},
  publisher = {APS},
}

@article{arenas2008,
  title={Analysis of the structure of complex networks at different resolution levels},
  author={Arenas, Alex and Fernandez, Alberto and Gomez, Sergio},
  journal={New Journal of Physics},
  volume={10},
  number={5},
  pages={053039},
  year={2008},
  publisher={IOP Publishing}
}


%%%%%%%%%%%%%%%%%%%%%%%%%%%%%%%%%%%%%%%%%%%%%%
%%%%%%%%%%%%%%%%%%%%%%%%%%%%%%%%%%%%%%%%%%%%%%

@article{DeDomenicoLancichinettiArenasRosvall2015,
	author = "{De Domenico}, Manlio and Lancichinetti, Andrea and Arenas, Alex and Rosvall, Martin",
	journal = "Physical Review X",
	number = "1",
	pages = "011027",
	publisher = "APS",
	title = "{Identifying modular flows on multilayer networks reveals highly overlapping organization in interconnected systems}",
	volume = "5",
	year = "2015"
}